<mx:record xmlns="http://www.w3.org/TR/xhtml1/strict" xmlns:mx="http://www.loc.gov/MARC21/slim" xmlns:xsi="http://www.w3.org/2001/XMLSchema-instance"><mx:leader>00000cz  a2200000n  45 0</mx:leader><mx:controlfield tag="001">oca00230715 </mx:controlfield><mx:controlfield tag="005">20101022070725.0</mx:controlfield><mx:controlfield tag="008">781218n| acannaabn          |b aaa      </mx:controlfield><mx:datafield ind1=" " ind2=" " tag="010"><mx:subfield code="a">n  78095639</mx:subfield><mx:subfield code="z">n  97055079</mx:subfield></mx:datafield><mx:datafield ind1=" " ind2=" " tag="040"><mx:subfield code="a">DLC</mx:subfield><mx:subfield code="b">eng</mx:subfield><mx:subfield code="c">DLC</mx:subfield><mx:subfield code="d">DLC</mx:subfield><mx:subfield code="d">DLC-R</mx:subfield><mx:subfield code="d">DLC</mx:subfield><mx:subfield code="d">DLC-R</mx:subfield><mx:subfield code="d">CU</mx:subfield><mx:subfield code="d">OCoLC</mx:subfield><mx:subfield code="d">WaU</mx:subfield><mx:subfield code="d">UPB</mx:subfield><mx:subfield code="d">DLC</mx:subfield><mx:subfield code="d">UPB</mx:subfield></mx:datafield><mx:datafield ind1="0" ind2=" " tag="100"><mx:subfield code="a">Homer</mx:subfield></mx:datafield><mx:datafield ind1=" " ind2=" " tag="374"><mx:subfield code="a">poet</mx:subfield></mx:datafield><mx:datafield ind1=" " ind2=" " tag="375"><mx:subfield code="a">male</mx:subfield></mx:datafield><mx:datafield ind1=" " ind2=" " tag="377"><mx:subfield code="a">grc</mx:subfield></mx:datafield><mx:datafield ind1="0" ind2=" " tag="400"><mx:subfield code="a">Hóiméar</mx:subfield></mx:datafield><mx:datafield ind1="0" ind2=" " tag="400"><mx:subfield code="a">Hūmīrūs</mx:subfield></mx:datafield><mx:datafield ind1="0" ind2=" " tag="400"><mx:subfield code="a">Homeros</mx:subfield></mx:datafield><mx:datafield ind1="0" ind2=" " tag="400"><mx:subfield code="w">nna</mx:subfield><mx:subfield code="a">Homerus</mx:subfield></mx:datafield><mx:datafield ind1="0" ind2=" " tag="400"><mx:subfield code="a">Gomer</mx:subfield></mx:datafield><mx:datafield ind1="0" ind2=" " tag="400"><mx:subfield code="a">Omir</mx:subfield></mx:datafield><mx:datafield ind1="0" ind2=" " tag="400"><mx:subfield code="a">Omer</mx:subfield></mx:datafield><mx:datafield ind1="0" ind2=" " tag="400"><mx:subfield code="a">Omero</mx:subfield></mx:datafield><mx:datafield ind1="0" ind2=" " tag="400"><mx:subfield code="a">Ho-ma</mx:subfield></mx:datafield><mx:datafield ind1="0" ind2=" " tag="400"><mx:subfield code="a">Homa</mx:subfield></mx:datafield><mx:datafield ind1="0" ind2=" " tag="400"><mx:subfield code="a">Homérosz</mx:subfield></mx:datafield><mx:datafield ind1="0" ind2=" " tag="400"><mx:subfield code="a">האמער</mx:subfield></mx:datafield><mx:datafield ind1="0" ind2=" " tag="400"><mx:subfield code="a">הומירוס</mx:subfield></mx:datafield><mx:datafield ind1="0" ind2=" " tag="400"><mx:subfield code="a">הומר</mx:subfield></mx:datafield><mx:datafield ind1="0" ind2=" " tag="400"><mx:subfield code="a">הומרוס</mx:subfield></mx:datafield><mx:datafield ind1="0" ind2=" " tag="400"><mx:subfield code="a">هومر</mx:subfield></mx:datafield><mx:datafield ind1="0" ind2=" " tag="400"><mx:subfield code="a">هوميروس</mx:subfield></mx:datafield><mx:datafield ind1="0" ind2=" " tag="400"><mx:subfield code="a">荷马</mx:subfield></mx:datafield><mx:datafield ind1="0" ind2=" " tag="400"><mx:subfield code="a">Ὅμηρος</mx:subfield></mx:datafield><mx:datafield ind1="0" ind2=" " tag="400"><mx:subfield code="a">Гамэр</mx:subfield></mx:datafield><mx:datafield ind1="0" ind2=" " tag="400"><mx:subfield code="a">Hamėr</mx:subfield></mx:datafield><mx:datafield ind1="0" ind2=" " tag="400"><mx:subfield code="a">Омир</mx:subfield></mx:datafield><mx:datafield ind1="0" ind2=" " tag="400"><mx:subfield code="a">Homero</mx:subfield></mx:datafield><mx:datafield ind1="0" ind2=" " tag="400"><mx:subfield code="a">호메로스</mx:subfield></mx:datafield><mx:datafield ind1="0" ind2=" " tag="400"><mx:subfield code="a">Homerosŭ</mx:subfield></mx:datafield><mx:datafield ind1="0" ind2=" " tag="400"><mx:subfield code="a">Homērs</mx:subfield></mx:datafield><mx:datafield ind1="0" ind2=" " tag="400"><mx:subfield code="a">Homeras</mx:subfield></mx:datafield><mx:datafield ind1="0" ind2=" " tag="400"><mx:subfield code="a">Хомер</mx:subfield></mx:datafield><mx:datafield ind1="0" ind2=" " tag="400"><mx:subfield code="a">ホメーロス</mx:subfield></mx:datafield><mx:datafield ind1="0" ind2=" " tag="400"><mx:subfield code="a">ホメロス</mx:subfield></mx:datafield><mx:datafield ind1="0" ind2=" " tag="400"><mx:subfield code="a">Гомер</mx:subfield></mx:datafield><mx:datafield ind1="0" ind2=" " tag="400"><mx:subfield code="a">Homeri</mx:subfield></mx:datafield><mx:datafield ind1="0" ind2=" " tag="400"><mx:subfield code="a">Hema</mx:subfield></mx:datafield><mx:datafield ind1="0" ind2=" " tag="400"><mx:subfield code="a">Pseudo-Homer</mx:subfield></mx:datafield><mx:datafield ind1="0" ind2=" " tag="400"><mx:subfield code="a">Pseudo Omero</mx:subfield></mx:datafield><mx:datafield ind1=" " ind2=" " tag="667"><mx:subfield code="a">Machine-derived non-Latin script reference project.</mx:subfield></mx:datafield><mx:datafield ind1=" " ind2=" " tag="667"><mx:subfield code="a">Non-Latin script references not evaluated.</mx:subfield></mx:datafield><mx:datafield ind1=" " ind2=" " tag="667"><mx:subfield code="a">Do not use as main entry for Homeric hymns or Battle of the frogs and mice, which should normally be entered under a uniform title.  For these and other works attributed to "Pseudo-Homer" or otherwise once attributed to Homer, make an added entry for Homer.</mx:subfield></mx:datafield><mx:datafield ind1=" " ind2=" " tag="670"><mx:subfield code="a">Picard, B. L. The Odyssey of Homer, 1952.</mx:subfield></mx:datafield><mx:datafield ind1=" " ind2=" " tag="670"><mx:subfield code="a">His Íliad Hóiméar, leabhair I-VIII, 1981:</mx:subfield><mx:subfield code="b">t.p. (Hóiméar)</mx:subfield></mx:datafield><mx:datafield ind1=" " ind2=" " tag="670"><mx:subfield code="a">Philodemus. Il buon re secondo Omero, 1982:</mx:subfield><mx:subfield code="b">t.p. (Omero)</mx:subfield></mx:datafield><mx:datafield ind1=" " ind2=" " tag="670"><mx:subfield code="a">Ho-ma shih shih yen chiu, 1994:</mx:subfield><mx:subfield code="b">t.p. (Ho-ma)</mx:subfield></mx:datafield><mx:datafield ind1=" " ind2=" " tag="670"><mx:subfield code="a">A Homérosz-kérdés, 1991.</mx:subfield></mx:datafield><mx:datafield ind1=" " ind2=" " tag="670"><mx:subfield code="a">Wikipedia, July 30, 2008</mx:subfield><mx:subfield code="b">(Homer (ancient Greek: ʻΟμηρος, Homēros) was an ancient Greek epic poet) Belarusian page (Гамэр = Hamėr) Bulgarian page (Омир = Omir) Greek page (ʻΟμηρος = Homēros) Esperanto page (Homero) Korean page (호메로스 = Homerosŭ) Latvian page (Homērs) Lithuanian page (Homeras) Hungarian page (Homérosz) Macedonian page (Хомер = Homer) Japanese page (ホメーロス = Homērosu; ホメロス = Homerosu) Occitan page (Omèr) Russian page (Гомер = Gomer) Albanian page (Homeri) Finnish page (Homeros) Tajik page (Ḣomer) Ukrainian page (Гомер = Homer) Chinese page (荷马 = Hema)</mx:subfield></mx:datafield><mx:datafield ind1=" " ind2=" " tag="670"><mx:subfield code="a">Der Froschmäusekrieg, 1978:</mx:subfield><mx:subfield code="b">t.p. (Pseudo-Homer)</mx:subfield></mx:datafield><mx:datafield ind1=" " ind2=" " tag="670"><mx:subfield code="a">Leopardi, Giacomo. Batracomiomachia e Paralipomeni, 1999:</mx:subfield><mx:subfield code="b">t.p. (pseudo Omero)</mx:subfield></mx:datafield><mx:datafield ind1="0" ind2="4" tag="700"><mx:subfield code="a">Homer</mx:subfield></mx:datafield><mx:datafield ind1=" " ind2=" " tag="999"><mx:subfield code="a">68316294</mx:subfield></mx:datafield></mx:record>